% Encoding: utf8
@inproceedings{Stock2008,
    author = {Stock, Mark},
    title = {Smoke Water Fire},
    booktitle = {ACM SIGGRAPH 2008 Art Gallery},
    series = {SIGGRAPH '08},
    year = {2008},
    isbn = {978-1-60558-344-0},
    location = {Los Angeles, California},
    pages = {102--102},
    numpages = {1},
    url = {http://doi.acm.org/10.1145/1400385.1400457},
    doi = {10.1145/1400385.1400457},
    acmid = {1400457},
    publisher = {ACM},
    address = {New York, NY, USA},
    hyphenation = {english},
}

@inproceedings{Horvath2009DirectableHS,
    title={Directable, high-resolution simulation of fire on the GPU},
    author={Christopher Horvath and Willi Geiger},
    booktitle={SIGGRAPH 2009},
    year={2009},
    hyphenation = {english},
}

@article{Lamorlette,
	author = {Lamorlette, Arnauld and Foster, Nick},
	year = {2002},
	month = {06},
	pages = {},
	title = {Structural Modeling of Flames for a Production Environment},
	volume = {21},
	journal = {ACM Transactions on Graphics},
	doi = {10.1145/566570.566644},
    hyphenation = {english},
}

@online{hobbitSlides,
    author = {Toolbox Studio},
    title = {The remarkable visual effects in The Hobbit: The Battle of the Five Armies},
    url = {https://www.slideshare.net/andrewpsclark/the-remarkable-visual-effects-in-the-hobbit-the-battle-of-the-five-armies-44914535},
    month = {02},
    year = {2015},
    urldate = {2020-04-23},
    hyphenation = {english}
}

@inproceedings{Somasekaran2005UsingPS,
    title={Using Particle Systems to Simulate Real-Time Fire},
    author={Sanandanan Somasekaran},
    year={2005},
    hyphenation = {english},
}

@inproceedings{Lee2011ThreeDF,
    title={Three Dimensional Fire Simulation Based on Visual Learning of Image Features},
    author={Chung-Nan Lee and Wei-Lun Tai and Da-Jing Zhang-Jian and Wen-Chieh Hsieh},
    year={2011},
    hyphenation = {english},
}

@inproceedings{Lyes2013FireAF,
    title={Fire and Flame Simulation using Particle Systems and Graphical Processing Units},
    author={T. S. Lyes and Kenneth A. Hawick},
    year={2013},
    hyphenation = {english},
}

@article{suspendedExplosions,
    author = {Feldman, Bryan and O'Brien, James and Arikan, Okan},
    year = {2003},
    month = {07},
    pages = {708-715},
    title = {Animating suspended particle explosions},
    volume = {22},
    journal = {ACM Trans. Graph.},
    doi = {10.1145/1201775.882336},
    hyphenation = {english},
}

@article{VortexExplosions,
    author = {Selle, Andrew and Rasmussen, Nick and Fedkiw, Ronald},
    year = {2005},
    month = {07},
    pages = {910-914},
    title = {A vortex particle method for smoke, water and explosions},
    volume = {24},
    journal = {ACM Trans. Graph.},
    doi = {10.1145/1073204.1073282},
    hyphenation = {english},
}

@InProceedings{MeshesOnFire,
    author={Lee, Haeyoung and Kim, Laehyun and Meyer, Mark and Desbrun, Mathieu},
    editor={Magnenat-Thalmann, Nadia and Thalmann, Daniel},
    title={Meshes on Fire},
    booktitle={Computer Animation and Simulation 2001},
    year={2001},
    publisher={Springer Vienna},
    address={Vienna},
    pages={75--84},
    isbn={978-3-7091-6240-8},
    hyphenation = {english},
}

@inproceedings{FireSplats,
    author = {Wei, Xiaoming and Li, Wei and Mueller, Klaus and Kaufman, Arie},
    year = {2002},
    month = {01},
    pages = {227-234},
    title = {Simulating Fire with Texture Splats.},
    doi = {10.1109/VISUAL.2002.1183779},
    hyphenation = {english},
}

@article{Jo2019LatticeBoltzmannAE,
    title={Lattice-Boltzmann and Eulerian Hybrid for Solid Burning Simulation},
    author={Eunchan Jo and Byungmoon Kim and Oh-Young Song},
    journal={Symmetry},
    year={2019},
    volume={11},
    pages={1405},
    hyphenation = {english},
}

@inproceedings{Sato2012ADA,
    title={A data-driven approach for synthesizing high-resolution animation of fire},
    author={Syuhei Sato and Takuya Morita and Yoshinori Dobashi and Tsuyoshi Yamamoto},
    booktitle={DigiPro '12},
    year={2012},
    hyphenation = {english},
}

@article{MultiView,
    author = {Dorta, Garoe and Benedetti, Luca and Kit, Dmitry and Yang, Yong-Liang},
    year = {2018},
    month = {04},
    title = {Physics-driven Fire Modeling from Multi-view Images},
    hyphenation = {english},
}

@article{DiffusionProcesses,
    author = {Stam, Jos and Fiume, Eugene},
    year = {2001},
    month = {06},
    title = {Depicting Fire and Other Gaseous Phenomena Using Diffusion Processes},
    doi = {10.1145/218380.218430},
    hyphenation = {english},
}

@inproceedings{InteractiveSimulation,
    author = {Melek, Zeki and Keyser, John},
    year = {2002},
    month = {02},
    pages = {431- 432},
    title = {Interactive simulation of fire},
    isbn = {0-7695-1784-6},
    doi = {10.1109/PCCGA.2002.1167889},
    hyphenation = {english},
}

@inproceedings{Bangalore2012ATF,
    title={A technique for art direction of physically based fire simulation},
    author={Ashwin Bangalore and Donald H. House},
    booktitle={CAe '12},
    year={2012},
    hyphenation = {english},
}

@article{ForGames,
    author = {Stam, Jos},
    year = {2003},
    month = {05},
    title = {Real-Time Fluid Dynamics for Games},
    hyphenation = {english},
}

@inproceedings{NaturalPhenomena,
    author = {Nishita, Tomoyuki and Dobashi, Yoshinori},
    year = {2001},
    month = {02},
    pages = {149 - 156},
    title = {Modeling and rendering of various natural phenomena consisting of particles},
    isbn = {0-7695-1007-8},
    journal = {Proceedings of Computer Graphics International Conference, CGI},
    doi = {10.1109/CGI.2001.934669},
    hyphenation = {english},
}

@misc{RealTimeNVIDIA,
    author = {Green, Simon and Horvath, Christopher},
    title = {Flame On: Real-Time Fire Simulation for Video Games},
    url = {http://on-demand.gputechconf.com/gtc/2012/presentations/S0102-Flame-on-RT-Fire-Simulation-for-Video-Games.pdf},
    month = {04},
    year = {2017},
    hyphenation = {english},
}

@inproceedings{RealTimeVolumetric,
    author = {Fuller, Alfred and Krishnan, Hari and Mahrous, Karim and Hamann, Bernd and Joy, Kenneth},
    year = {2007},
    month = {01},
    pages = {175-180},
    title = {Real-time procedural volumetric fire},
    doi = {10.1145/1230100.1230131},
    hyphenation = {english},
}

@inproceedings{SpringMass,
    author = {Balci, M. and Foroosh, Hassan},
    year = {2006},
    month = {01},
    pages = {8 pp.},
    title = {Real-time 3D fire simulation using a spring-mass model},
    volume = {2006},
    journal = {MMM2006: 12th International Multi-Media Modelling Conference - Proceedings},
    doi = {10.1109/MMMC.2006.1651309},
    hyphenation = {english},
}

@inproceedings{Green2014,
    author = {Green, Simon},
    title = {NVIDIA FlameWorks: Real-time Fire Simulation},
    booktitle = {ACM SIGGRAPH 2014 Computer Animation Festival},
    series = {SIGGRAPH '14},
    year = {2014},
    isbn = {978-1-4503-3054-1},
    location = {Vancouver, Canada},
    pages = {1--1},
    numpages = {1},
    url = {http://doi.acm.org/10.1145/2633956.2658828},
    doi = {10.1145/2633956.2658828},
    acmid = {2658828},
    publisher = {ACM},
    address = {New York, NY, USA},
    hyphenation = {english},
}

@inproceedings{survey,
    title={Realistic and Controllable Fire Simulation},
    author={Philippe Beaudoin and S{\'e}bastien Paquet and Pierre Poulin},
    booktitle={Graphics Interface},
    year={2001},
    hyphenation = {english},
}

@mastersthesis{capstone,
    author ={Marc de Kruijf},
    title = {firestarter – A Real-Time Fire Simulator},
    school = {Computer Science Capstone},
    hyphenation = {english},
}

@mastersthesis{nielsen,
    author = {Nielsen, T. E.},
    title = {Modeling, animation, and visualization of fire},
    school = {University of Copenhagen, Denmark},
    month = {04},
    year = {1999},
    hyphenation = {english}
}

@inbook{lec17,
    author = {Duncan Fyfe Gillies},
    title = {Third Year and MSc Interactive Computer Graphics Course},
    chapter = {Lecture 17: Graphical Simulation of Fire},
    hyphenation = {english},
}

@article{reewes1983,
    title={Particle Systems—a Technique for Modeling a Class of Fuzzy Objects},
    author={William T. Reeves},
    journal={ACM Trans. Graph.},
    year={1983},
    volume={2},
    pages={91-108},
    hyphenation = {english},
}

@proceedings{nguen2002,
    author = {Nguyen D., Fedkiw R., Jensen H.},
    title = {Physically Based Modeling and Animation of Fire},
    note = {Proceedings of the 29th annual conference on computer graphics and interactive techniques},
    address = {San Antonio, Texas},
    month = {07},
    year = {2002},
    hyphenation = {english},
}

@article{mol_uch,
    author= {Стаховский, А. В.},
    title = {Анализ современных алгоритмов симуляции огня},
    journal = {Молодой ученый},
    year = {2019},
    month = {11},
    pages = {100--105},
    number = {47},
    hyphenation = {russian},
}

@inproceedings{55_sntk,
    author = {Стаховский, А. В.},
    title = {Современные алгоритмы моделирования аморфных объектов},
    booktitle = {Компьютерные системы и сети: 55-я юбилейная научная конференция аспирантов, магистрантов и студентов, Минск, 22-26 апреля 2019 г.},
    series = {55-я юбилейная научная конференция аспирантов, магистрантов и студентов БГУИР},
    pages = {63},
    address = {Минск},
    publisher = {Белорусский государственный университет информатики и радиоэлектроники},
    year = {2019},
    hyphenation = {russian},
}

% TODO: update this reference
@inproceedings{56_sntk,
    author = {Стаховский, А. В.},
    title = {Динамическая симуляция объемного огня},
    booktitle = {Компьютерные системы и сети: 56-я научная конференция
                 аспирантов, магистрантов и студентов, Минск, 21-22 апреля 2020
                 г.},
    series = {56-я научная конференция аспирантов, магистрантов и студентов БГУИР},
    pages = {54},
    address = {Минск},
    publisher = {Белорусский государственный университет информатики и радиоэлектроники},
    year = {2020},
    hyphenation = {russian},
}

% TODO: update this reference
@inproceedings{56_sntk_vmip,
    author = {Стаховский, А. В.},
    title = {Особенности динамической симуляции огня},
    booktitle = {Компьютерные системы и сети: 56-я научная конференция
                 аспирантов, магистрантов и студентов, Минск, 21-22 апреля 2020
                 г.},
    series = {56-я научная конференция аспирантов, магистрантов и студентов БГУИР},
    pages = {48},
    address = {Минск},
    publisher = {Белорусский государственный университет информатики и радиоэлектроники},
    year = {2020},
    hyphenation = {russian},
}

@booklet{383-87,
    title = {СТ СЭВ 383-87. Пожарная безопасность в строительстве. Термины и
             определения},
    month = {07},
    year = {1987},
    hyphenation = {russian},
}

@book{SamalGraphics,
    author = {Самаль, Д. И. and Супонев, В. А. and Прытков, В. А.},
    title = {Машинная графика : лаборатор. практикум для студентов специальности
             1-40 02 01 <<Вычисл. машины, системы и сети>>},
    year = {2009},
    publisher = {БГУИР},
    pages = {43},
    address = {Минск},
    hyphenation = {russian}
}

@book{OGLSuperbible,
    author = {Sellers, Graham and Wright, Richard S. and Haemel, Nicholas},
    title = {OpenGL Superbible: Comprehensive Tutorial and Reference},
    year = {2015},
    isbn = {0672337479},
    publisher = {Addison-Wesley Professional},
    edition = {7th},
    hyphenation = {english},
}

@book{USArmy,
    author = {US Army},
    title = {Publication TM 5-315: Firefighting and Rescue Procedures in
             Theaters of Operation},
    chapter = {Chapter 3: characteristics, chemistry, and physics of fire.},
    publisher = {US Army Corps of Engineers Internet Publishing Group.},
    month = {05},
    year = {1971},
    hyphenation = {english},
}

@booklet{LearnOGL,
    author = {Joey de Vries},
    title = {Learn OpenGL: An offline transcript of learnopengl.com},
    edition = {3rd},
    month = {06},
    year = {2017},
    hyphenation = {english},
}

@article{Woodhouse,
    author = {Woodhouse, F},
    title = {Particle systems: The theory},
    year = {2002},
    hyphenation = {english},
}

@online{OpenGLHistory,
    author = {Khronos Group},
    title = {History of OpenGL},
    url = {https://www.khronos.org/opengl/wiki/History_of_OpenGL},
    month = {02},
    year = {2019},
    urldate = {2020-04-27},
    hyphenation = {english},
}

@online{Harris,
    author = {Harris, T.},
    title = {How Fire Works},
    url = {https://science.howstuffworks.com/environmental/earth/geophysics/fire.htm},
    urldate = {2020-05-01},
    hyphenation = {english},
}

@online{WikiFire,
    url = {https://ru.wikipedia.org/wiki/Огонь},
    title = {Огонь},
    urldate = {2020-04-28},
    hyphenation = {russian},
}

@online{WikiFlame,
    url = {https://ru.wikipedia.org/wiki/Пламя},
    title = {Пламя},
    urldate = {2020-04-28},
    hyphenation = {russian},
}

@online{WikiDetonation,
    url = {https://ru.wikipedia.org/wiki/Детонация},
    title = {Детонация},
    urldate = {2020-04-28},
    hyphenation = {russian},
}

@inproceedings{Foster1997ModelingTM,
    title={Modeling the motion of a hot, turbulent gas},
    author={Nick Foster and Dimitris N. Metaxas},
    booktitle={SIGGRAPH '97},
    year={1997},
    hyphenation = {english},
}

@article{turbulence,
    author = {Hladký, Jozef and Ďurikovič, Roman},
    year = {2018},
    month = {07},
    pages = {186-204},
    title = {Fire Simulation in 3D Computer Animation with Turbulence Dynamics including Fire Separation and Profile Modeling},
    volume = {8},
    journal = {International Journal of Networking and Computing},
    doi = {10.15803/ijnc.8.2_186},
    hyphenation = {english},
}

@inproceedings{Vanzine2007RealisticRR,
    title={Realistic Real-Time Rendering of Fire in a Production System : Feasibility Study},
    author={Y. Vanzine},
    year={2007},
    hyphenation = {english},
}

@inproceedings{Zhao2003VoxelsOF,
    title={Voxels on Fire},
    author={Ye Zhao and Xiaoming Wei and Zhe Fan and Arie E. Kaufman and Hong Qin},
    booktitle={IEEE Visualization},
    year={2003},
    hyphenation = {english},
}

@inproceedings{realistic_sim,
    author = {Beaudoin, Philippe and Paquet, Sébastien and Poulin, Pierre},
    year = {2001},
    month = {01},
    pages = {159-166},
    title = {Realistic and Controllable Fire Simulation.},
    hyphenation = {english},
}

@inproceedings{Perry94synthesizingflames,
    author = {C. H. Perry and R. W. Picard},
    title = {Synthesizing Flames and their Spreading},
    booktitle = {Proceedings of the Fifth Eurographics Workshop on Animation and Simulation},
    year = {1994},
    pages = {1--14},
    hyphenation = {english},
}

@inproceedings{Young1982RealTL,
    title={Real Time Languages, Design and Development},
    author={Stephen J. Young},
    year={1982},
    hyphenation = {english},
}
